2295 3367
1158 200 1398 229 GEOMETRY

412 295 615 338 Euclides
636 296 818 350 scripsit,
842 307 920 351 per
942 314 988 340 ea
1014 305 1179 340 tantum
1205 298 1363 349 conica,
1388 315 1479 354 quse
1502 317 1637 355 usqne
1660 305 1715 344 ad
1738 305 1931 347 Euclidis
1956 313 2146 361 tempora

411 371 734 417 prceinonstrata
755 373 867 415 sunt,
889 367 997 407 &c.’'
1014 364 1056 387 1³1]

465 443 505 483 A
529 442 634 484 little
659 444 827 484 farther
848 459 916 496 on,
940 446 992 486 he
1015 453 1144 486 states
1168 447 1239 486 the
1263 447 1459 499 question
1484 462 1529 489 as
1557 448 1749 491 follows:

466 522 553 561 “At
580 522 700 563 locus
726 524 780 563 ad
809 529 906 571 tres]
936 524 980 564 ὅ
1006 530 1190 576 quatuor
1216 525 1362 574 lineas,
1390 525 1433 566 in
1462 541 1544 578 quo
1582 525 1886 578 (Apollonius)
1922 526 2146 579 nzaynifice

409 603 453 629 se
483 589 631 642 jactat,
666 591 709 630 ὅ
742 596 939 638 ostentat,
974 592 1088 632 nulla
1121 591 1264 633 habita
1295 593 1434 646 qratia
1468 594 1516 640 ei,
1552 595 1624 646 qui
1656 593 1776 647 prius
1807 593 2049 647 scripserat,
2084 600 2146 635 est

408 657 721 711 liujusmodi'.[³²¹
765 660 815 700 Si
845 659 1055 711 positione
1089 662 1200 703 dotis
1232 660 1369 703 tribus
1400 663 1529 704 rectis
1561 664 1684 703 lineis
1716 665 1767 704 ab
1801 677 1886 704 uno
1921 664 1965 704 &
1996 664 2145 704 eodem

409 733 580 776 puncto,
606 729 661 768 ad
687 734 773 768 tres
797 728 932 769 lineas
955 729 996 769 in
1025 729 1136 770 datis
1161 729 1328 779 orientis
1354 736 1478 771 rectoe
1502 731 1621 771 linea*
1647 732 1871 777 ducantur,
1899 731 1942 771 ὦ
1968 732 2066 771 data
2091 729 2146 771 sit

408 793 630 846 proportio
670 796 908 847 rectangyuli
947 798 1135 837 contenti
1175 798 1342 838 duabus
1381 796 1521 839 ductis
1560 799 1614 839 ad
1654 799 1911 850 quadratum
1951 797 2144 851 reliquce:

408 867 614 913 punctum
648 863 856 916 continuit
888 862 1100 916 positione
1134 866 1279 905 dotum
1313 864 1501 906 solidum
1533 866 1686 911 locuni,
1721 866 1799 906 lzoc
1834 873 1895 906 est
1931 879 2059 907 unam
2092 881 2147 906 ex

409 928 545 970 tribus
566 928 723 971 conicis
742 929 1012 972 sectionibus.
1060 933 1116 972 Et
1136 933 1173 973 si
1194 934 1248 973 ad
1270 939 1455 984 quatuor
1476 939 1615 973 rectas
1636 933 1769 974 lineas
1790 933 2002 986 positione
2025 935 2147 975 dotas

409 995 452 1036 in
474 997 587 1038 dotis
608 995 777 1050 anyulis
799 997 917 1039 linere
940 1000 1175 1043 ducantur:
1201 1001 1245 1040 ὃ
1268 1001 1504 1053 rectangyuli
1527 1002 1694 1041 duobus
1717 999 1861 1057 ductis·
1881 1002 2070 1042 contenti
2092 1003 2145 1043 ad

408 1070 655 1105 contentum
680 1066 848 1107 duabus
871 1064 1047 1118 reliquis
1069 1067 1291 1119 proportio
1319 1068 1416 1108 data
1442 1069 1496 1108 sit
1509 1084 1520 1113 ,·
1545 1068 1742 1109 similiter
1765 1074 1971 1121 punctuin
1998 1071 2145 1110 datuin

408 1133 504 1172 coni
531 1131 763 1173 sectionem
792 1132 1003 1185 positione
1035 1133 1261 1187 continuet.
1316 1136 1366 1175 St
1395 1134 1566 1187 quidem
1599 1134 1729 1188 iyitur
1757 1137 1811 1176 ad
1841 1138 1948 1177 duos
1979 1143 2144 1178 tantuin

407 1200 526 1239 locus
551 1200 706 1251 planus
731 1207 929 1241 ostensus
956 1207 1029 1242 est.
1085 1203 1213 1252 Quod
1239 1203 1277 1243 si
1302 1204 1357 1244 od
1383 1203 1528 1255 plures
1556 1218 1681 1255 quani
1712 1209 1908 1255 quatuor,
1937 1210 2143 1257 punctum

407 1264 624 1320 contingyet
655 1267 772 1309 locos
803 1282 889 1308 non
922 1269 1060 1309 adhuc
1094 1268 1299 1322 cossnitos,
1331 1271 1408 1311 sed
1440 1269 1574 1311 lineas
1607 1276 1772 1311 tantum
1807 1270 1964 1316 dictas:
1998 1273 2145 1324 quales

406 1339 549 1375 autent
572 1334 671 1383 sint,
697 1335 766 1376 vel
791 1350 916 1388 quani
946 1337 1129 1377 habeant
1154 1336 1474 1389 proprietatem,
1501 1351 1584 1377 non
1615 1344 1800 1379 constat:
1827 1352 1973 1380 earum
2001 1354 2142 1385 unam,

407 1415 543 1454 neque
577 1403 774 1455 primani,
813 1404 857 1444 ἔτ
893 1418 983 1456 quce
1020 1403 1373 1457 manifestissima
1411 1403 1594 1451 videtur,
1633 1413 1964 1458 composuerunt
2003 1415 2142 1449 osten-

407 1470 556 1510 dentes
577 1469 724 1511 utilem
747 1485 849 1512 esse.
896 1471 1223 1524 Propositiones
1245 1478 1388 1512 autem
1412 1473 1601 1525 ipsarum
1626 1474 1687 1513 lice
1708 1479 1820 1514 sunt.

462 1548 538 1588 “Si
556 1550 606 1589 ab
626 1547 767 1601 aliquo
787 1555 945 1602 puncto
966 1551 1020 1590 ad
1038 1549 1250 1602 positione
1271 1551 1394 1591 datas
1413 1556 1552 1591 rectas
1571 1550 1704 1591 lineas
1724 1549 1909 1602 quinque
1932 1549 2143 1589 ducantur

406 1621 529 1657 rectoe
554 1615 672 1657 linece
698 1617 741 1657 in
769 1615 881 1657 dotis
906 1618 1086 1670 angyulis,
1116 1619 1160 1658 ὃ
1186 1619 1284 1658 data
1311 1618 1365 1658 sit
1393 1617 1613 1671 proportio
1642 1616 1770 1658 solidi
1795 1615 2143 1669 parallelepipedi

405 1683 653 1736 rectanynli,
677 1686 792 1736 quod
814 1684 949 1725 tribus
971 1685 1112 1726 ductis
1132 1684 1254 1726 lineis
1277 1685 1520 1726 continetur
1541 1687 1594 1726 od
1615 1686 1800 1726 solidum
1824 1682 2142 1737 parallelepipe-

406 1752 508 1791 dum
541 1753 849 1804 rectangyulmn,
885 1754 999 1804 quod
1033 1751 1276 1793 continetur
1308 1752 1485 1805 reliquis
1519 1754 1696 1797 duabus.
1733 1754 1776 1793 &
1810 1753 1907 1793 data
1943 1751 2141 1803 quopiam

405 1819 528 1866 linea,
556 1826 760 1871 punctum
790 1819 1000 1872 positione
1030 1822 1172 1860 datam
1200 1819 1356 1861 lineam
1384 1821 1612 1873 continyet.
1652 1820 1702 1860 Si
1729 1825 1868 1860 antem
1900 1821 1953 1860 ad
1979 1833 2070 1862 sex,
2100 1820 2143 1859 ἃ

405 1887 506 1927 data
531 1886 586 1927 sit
614 1887 836 1940 proportio
864 1886 991 1928 solidi
1020 1887 1155 1928 tribus
1183 1886 1306 1928 lincis
1335 1888 1523 1928 contenti
1551 1889 1605 1928 ad
1633 1887 1832 1931 solidum.
1863 1888 1977 1939 quod
2007 1885 2142 1927 tribus

405 1954 581 2006 reliquis
609 1953 873 1999 continetur:
902 1969 1053 1996 rursus
1080 1961 1286 2007 punctum
1317 1954 1533 2008 continuet
1562 1953 1772 2008 positione
1802 1956 1944 1996 datam
1974 1955 2140 1995 tineam.

408 2023 538 2071 Quod
559 2023 595 2063 si
618 2023 673 2063 ad
695 2022 841 2074 plures
863 2035 987 2075 quoni
1013 2036 1104 2069 sex,
1129 2037 1213 2063 non
1240 2024 1378 2063 adhuc
1404 2024 1559 2063 liabent
1585 2021 1737 2067 dicere,
1763 2037 1816 2063 an
1842 2024 1939 2062 data
1964 2022 2018 2062 sit
2042 2029 2140 2075 pro-

404 2089 543 2141 portio
570 2089 808 2143 cujuspianz
836 2091 1025 2131 contenti
1047 2096 1232 2142 quatuor
1256 2089 1379 2131 lineis
1402 2092 1457 2132 ad
1480 2091 1522 2131 id
1547 2092 1661 2142 quod
1685 2089 1862 2142 reliquis
1886 2089 2139 2136 continetur,

499 2198 542 2221 ¹³¹]
562 2203 715 2242 Paomis,
748 2201 830 2235 Vol.
863 2201 912 2238 II.
943 2213 998 2239 Do.
1029 2200 1104 2238 677,
1136 2207 1169 2235 et
1202 2213 1283 2239 seu„
1316 2201 1603 2235 Cominandinus
1635 2201 1769 2235 edition
1800 2200 1842 2234 of
1876 2201 1971 2238 1660.
2004 2212 2034 2239 ῐ).
2064 2200 2139 2235 251.

408 2258 592 2297 Literally,
620 2258 848 2295 “More—over.
874 2258 917 2291 he
950 2258 1208 2298 (Apollonius)
1243 2270 1324 2297 says
1351 2259 1427 2291 that
1454 2258 1513 2291 the
1540 2258 1700 2297 problem
1726 2257 1768 2290 of
1794 2258 1853 2291 the
1879 2258 1978 2291 locus
2005 2257 2140 2291 related

406 2319 443 2347 to
465 2314 566 2348 three
589 2326 630 2347 or
658 2313 741 2347 four
765 2314 855 2347 lines
879 2326 953 2348 was
978 2319 1039 2347 not
1064 2313 1217 2353 entirely
1242 2314 1364 2348 solved
1388 2314 1433 2354 hy
1459 2314 1598 2350 Euclid.
1623 2314 1694 2347 and
1717 2314 1794 2347 that
1819 2313 1957 2347 neither
1982 2314 2025 2347 he
2049 2312 2139 2346 him-

406 2368 488 2408 self,
514 2381 581 2402 nor
605 2381 675 2408 any
700 2381 768 2403 one
793 2370 864 2403 else
889 2370 953 2403 has
976 2370 1066 2403 been
1092 2370 1170 2403 able
1194 2375 1231 2403 to
1256 2370 1354 2403 solve
1382 2369 1405 2402 it
1431 2370 1655 2410 completely,
1681 2381 1748 2403 nor
1772 2380 1866 2403 were
1891 2369 1974 2409 they
1999 2369 2078 2403 able
2103 2375 2140 2402 to

405 2425 475 2458 add
502 2425 680 2466 anything
708 2430 742 2458 at
771 2426 817 2458 all
848 2431 884 2458 to
912 2426 1014 2458 those
1042 2425 1165 2466 things
1194 2425 1312 2459 which
1343 2425 1470 2458 Euclid
1500 2425 1569 2458 had
1598 2424 1754 2464 written,
1783 2425 1828 2463 by
1857 2436 1982 2458 means
2010 2424 2051 2458 of
2080 2425 2140 2458 the

406 2480 508 2514 conic
531 2481 685 2514 sections
708 2481 793 2521 only
814 2480 932 2515 which
953 2481 1022 2514 had
1044 2481 1132 2515 been
1154 2481 1424 2515 demonstrated
1446 2480 1573 2515 before
1597 2480 1758 2514 Euclid.”
1781 2482 1975 2514 Descartes
1996 2480 2139 2514 arrived

406 2541 441 2569 at
465 2536 524 2570 the
549 2536 704 2570 solution
728 2537 769 2570 of
794 2536 865 2570 this
890 2537 1051 2576 problem
1078 2537 1162 2570 four
1185 2549 1290 2577 years
1314 2536 1443 2571 before
1466 2537 1525 2570 the
1551 2536 1771 2577 publication
1795 2537 1838 2571 of
1863 2537 1918 2570 his
1942 2542 2138 2577 geometry.

407 2592 504 2626 after
531 2591 708 2632 sneuding
735 2592 803 2627 five
829 2605 870 2626 or
898 2592 953 2626 six
980 2593 1098 2627 weeks
1124 2605 1170 2627 ou
1200 2593 1233 2626 it.
1286 2593 1352 2627 See
1379 2592 1434 2626 liis
1462 2593 1595 2629 letters.
1624 2592 1772 2631 Cousin,
1800 2594 1883 2627 Vol.
1910 2594 1977 2633 VI,
2005 2605 2036 2632 D.
2062 2592 2137 2631 294,

405 2648 475 2682 and
500 2648 582 2682 Vol.
607 2649 674 2689 VI,
700 2661 729 2690 p.
753 2649 828 2682 224.

497 2700 672 2738 1³²¹Given
699 2716 738 2738 as
767 2705 912 2739 follows
940 2705 974 2738 in
1001 2706 1059 2739 the
1085 2705 1219 2739 edition
1246 2705 1287 2739 ot‘
1318 2706 1460 2745 Paomis
1487 2705 1531 2744 by
1560 2706 1728 2742 Hultsch.
1755 2705 1960 2746 previously
1987 2705 2136 2746 quoted:

408 2759 501 2793 “Sed
526 2759 582 2793 hic
607 2761 651 2793 ad
677 2766 749 2794 tres
774 2766 806 2794 et
832 2766 984 2801 quatuor
1010 2761 1122 2794 lineas
1149 2762 1246 2794 locus
1272 2773 1341 2801 <luo
1366 2773 1585 2802 magnopere
1610 2761 1788 2802 gloriatur
1815 2761 1918 2795 simul
1945 2761 2080 2795 addens
2105 2761 2136 2795 ei

404 2814 462 2855 qui
486 2815 740 2856 conscripserit
765 2816 920 2857 gratiam
944 2817 1145 2850 habendam
1170 2829 1256 2855 esse,
1283 2816 1333 2851 sic
1359 2829 1394 2851 se
1419 2817 1557 2851 l1abct.‘’

1257 2930 1293 2961 18
